
@misc{noauthor_metric_nodate,
	title = {Metric: {Libyears} - {CHAOSS}},
	url = {https://chaoss.community/kb/metric-libyears/},
	urldate = {2024-03-04},
}

@misc{noauthor_5_nodate,
	title = {5. {Control} files and their fields — {Debian} {Policy} {Manual} v4.6.2.1},
	url = {https://www.debian.org/doc/debian-policy/ch-controlfields.html#version},
	urldate = {2024-03-04},
}

@misc{noauthor_debianmentorsfaq_nodate,
	title = {{DebianMentorsFaq} - {Debian} {Wiki}},
	url = {https://wiki.debian.org/DebianMentorsFaq#What_is_the_difference_between_a_native_Debian_package_and_a_non-native_package.3F},
	urldate = {2024-03-04},
}

@misc{noauthor_ubuntu_nodate,
	title = {Ubuntu {Manpage}: deb-version - {Debian} package version number format},
	url = {https://manpages.ubuntu.com/manpages/xenial/man5/deb-version.5.html},
	urldate = {2024-03-04},
}

@misc{marius_ducea_ubuntu_2006,
	title = {Ubuntu package version naming explanation · {MD}/{Blog}},
	url = {https://www.ducea.com/2006/06/17/ubuntu-package-version-naming-explanation/},
	urldate = {2024-03-04},
	author = {Marius Ducea},
	month = jun,
	year = {2006},
}

@misc{noauthor_index_nodate,
	title = {Index of /ubuntu/dists/jammy/main/binary-amd64},
	url = {http://archive.ubuntu.com/ubuntu/dists/jammy/main/binary-amd64/},
	urldate = {2024-03-04},
}

@misc{preston-werner_semantic_nodate,
	title = {Semantic {Versioning} 2.0.0},
	url = {https://semver.org/},
	abstract = {Semantic Versioning spec and website},
	language = {en},
	urldate = {2024-03-01},
	journal = {Semantic Versioning},
	author = {Preston-Werner, Tom},
}

@misc{noauthor_versioning_2017,
	title = {Versioning · {Wiki} · {AppArmor} / apparmor · {GitLab}},
	url = {https://gitlab.com/apparmor/apparmor/-/wikis/Versioning},
	abstract = {The AppArmor user space development project.},
	language = {en},
	urldate = {2024-02-29},
	journal = {GitLab},
	month = nov,
	year = {2017},
}

@misc{noauthor_interview_2021,
	title = {An {Interview} {With} {Linus} {Torvalds}: {Linux} and {Git} - {Part} 1 {\textbar} {Tag1} {Consulting}},
	shorttitle = {An {Interview} {With} {Linus} {Torvalds}},
	url = {https://www.tag1consulting.com/blog/interview-linus-torvalds-linux-and-git},
	language = {en},
	urldate = {2024-02-29},
	month = apr,
	year = {2021},
}

@article{shawcroft_open_nodate,
	title = {Open {Source} {Watershed}: {Studying} the {Relationship} {Between} {Linux} {Package} and {Distribution} {Releases}},
	language = {en},
	author = {Shawcroft, Scott},
}

@inproceedings{dolstra_nixos_2008,
	address = {Victoria BC Canada},
	title = {{NixOS}: a purely functional {Linux} distribution},
	isbn = {978-1-59593-919-7},
	shorttitle = {{NixOS}},
	url = {https://dl.acm.org/doi/10.1145/1411204.1411255},
	doi = {10.1145/1411204.1411255},
	language = {en},
	urldate = {2024-02-15},
	booktitle = {Proceedings of the 13th {ACM} {SIGPLAN} international conference on {Functional} programming},
	publisher = {ACM},
	author = {Dolstra, Eelco and Löh, Andres},
	month = sep,
	year = {2008},
	pages = {367--378},
}

@inproceedings{legay_mixed-method_2020,
	title = {A mixed-method approach to analysing package freshness in {Linux} distributions},
	url = {https://orbi.umons.ac.be/handle/20.500.12907/7181},
	language = {en},
	urldate = {2024-02-15},
	author = {Legay, Damien and Decan, Alexandre and Mens, Tom},
	month = dec,
	year = {2020},
}

@inproceedings{legay_quantitative_2021,
	title = {A {Quantitative} {Assessment} of {Package} {Freshness} in {Linux} {Distributions}},
	url = {https://ieeexplore.ieee.org/abstract/document/9474659},
	doi = {10.1109/SoHeal52568.2021.00008},
	urldate = {2024-02-15},
	booktitle = {2021 {IEEE}/{ACM} 4th {International} {Workshop} on {Software} {Health} in {Projects}, {Ecosystems} and {Communities} ({SoHeal})},
	author = {Legay, Damien and Decan, Alexandre and Mens, Tom},
	month = may,
	year = {2021},
	keywords = {Conferences, Delays, Ecosystems, Linux, Software, Stability criteria, Time measurement},
	pages = {9--16},
}

@inproceedings{legay_package_2020,
	title = {On {Package} {Freshness} in {Linux} {Distributions}},
	url = {https://ieeexplore.ieee.org/abstract/document/9240686},
	doi = {10.1109/ICSME46990.2020.00072},
	urldate = {2024-02-15},
	booktitle = {2020 {IEEE} {International} {Conference} on {Software} {Maintenance} and {Evolution} ({ICSME})},
	author = {Legay, Damien and Decan, Alexandre and Mens, Tom},
	month = sep,
	year = {2020},
	note = {ISSN: 2576-3148},
	keywords = {Computer bugs, Computer languages, Libraries, Linux, Security, Stability analysis, Tools},
	pages = {682--686},
}

@inproceedings{nguyen_life_2012,
	address = {USA},
	series = {{CASCON} '12},
	title = {Life and death of software packages: an evolutionary study of {Debian}},
	shorttitle = {Life and death of software packages},
	urldate = {2024-02-15},
	booktitle = {Proceedings of the 2012 {Conference} of the {Center} for {Advanced} {Studies} on {Collaborative} {Research}},
	publisher = {IBM Corp.},
	author = {Nguyen, Raymond and Holt, Ric},
	month = nov,
	year = {2012},
	pages = {192--204},
}

@inproceedings{raemaekers_measuring_2012,
	title = {Measuring software library stability through historical version analysis},
	url = {https://ieeexplore.ieee.org/abstract/document/6405296},
	doi = {10.1109/ICSM.2012.6405296},
	urldate = {2024-02-15},
	booktitle = {2012 28th {IEEE} {International} {Conference} on {Software} {Maintenance} ({ICSM})},
	author = {Raemaekers, Steven and van Deursen, Arie and Visser, Joost},
	month = sep,
	year = {2012},
	note = {ISSN: 1063-6773},
	keywords = {API Stability, API Usage, Conferences, Java, Libraries, Measurement, Security, Software, Software Reuse, Stability analysis, Third-party Libraries},
	pages = {378--387},
}

@inproceedings{dietrich_dependency_2019,
	title = {Dependency {Versioning} in the {Wild}},
	url = {https://ieeexplore.ieee.org/abstract/document/8816809},
	doi = {10.1109/MSR.2019.00061},
	urldate = {2024-02-15},
	booktitle = {2019 {IEEE}/{ACM} 16th {International} {Conference} on {Mining} {Software} {Repositories} ({MSR})},
	author = {Dietrich, Jens and Pearce, David and Stringer, Jacob and Tahir, Amjed and Blincoe, Kelly},
	month = may,
	year = {2019},
	note = {ISSN: 2574-3864},
	keywords = {Computer bugs, Contracts, Runtime, Semantics, Software, Syntactics, Tools, dependency management, maven, npm, package managers, repository studies, semantic versioning},
	pages = {349--359},
}

@inproceedings{cox_measuring_2015,
	address = {Florence, Italy},
	title = {Measuring {Dependency} {Freshness} in {Software} {Systems}},
	isbn = {978-1-4799-1934-5},
	url = {http://ieeexplore.ieee.org/document/7202955/},
	doi = {10.1109/ICSE.2015.140},
	abstract = {Modern software systems often make use of thirdparty components to speed-up development and reduce maintenance costs. In return, developers need to update to new releases of these dependencies to avoid, for example, security and compatibility risks. In practice, prioritizing these updates is difﬁcult because the use of outdated dependencies is often opaque. In this paper we aim to make this concept more transparent by introducing metrics to quantify the use of recent versions of dependencies, i.e. the system’s “dependency freshness”.},
	language = {en},
	urldate = {2024-02-14},
	booktitle = {2015 {IEEE}/{ACM} 37th {IEEE} {International} {Conference} on {Software} {Engineering}},
	publisher = {IEEE},
	author = {Cox, Joel and Bouwers, Eric and Eekelen, Marko Van and Visser, Joost},
	month = may,
	year = {2015},
	pages = {109--118},
}

@misc{noauthor_open_nodate,
	title = {Open {Source} {Security} {Foundation} ({OpenSSF})},
	url = {https://openssf.org/},
	abstract = {Consolidating industry efforts to improve the security of open source software.},
	language = {en-US},
	urldate = {2024-02-09},
	journal = {Open Source Security Foundation},
}

@misc{house_executive_2021,
	title = {Executive {Order} on {Improving} the {Nation}'s {Cybersecurity}},
	url = {https://www.whitehouse.gov/briefing-room/presidential-actions/2021/05/12/executive-order-on-improving-the-nations-cybersecurity/},
	abstract = {By the authority vested in me as President by the Constitution and the laws of the United States of America, it is hereby ordered as follows: Section 1.  Policy.  The United States faces persistent and increasingly sophisticated malicious cyber campaigns that threaten the public sector, the private sector, and ultimately the American people’s security and privacy.  The Federal Government…},
	language = {en-US},
	urldate = {2024-02-09},
	journal = {The White House},
	author = {House, The White},
	month = may,
	year = {2021},
}

@inproceedings{miller_we_2023,
	address = {New York, NY, USA},
	series = {{ESEC}/{FSE} 2023},
	title = {“{We} {Feel} {Like} {We}’re {Winging} {It}:” {A} {Study} on {Navigating} {Open}-{Source} {Dependency} {Abandonment}},
	shorttitle = {“{We} {Feel} {Like} {We}’re {Winging} {It}},
	url = {https://dl.acm.org/doi/10.1145/3611643.3616293},
	doi = {10.1145/3611643.3616293},
	urldate = {2024-02-07},
	booktitle = {Proceedings of the 31st {ACM} {Joint} {European} {Software} {Engineering} {Conference} and {Symposium} on the {Foundations} of {Software} {Engineering}},
	publisher = {Association for Computing Machinery},
	author = {Miller, Courtney and Kästner, Christian and Vasilescu, Bogdan},
	month = nov,
	year = {2023},
	keywords = {Dependency Management, Human Factors in Software Engineering, Open Source Sustainability},
	pages = {1281--1293},
}

@misc{vaughan-nichols_its_2019,
	type = {Industry {Publication}},
	title = {It's a {Linux}-powered car world},
	url = {https://www.zdnet.com/article/its-a-linux-powered-car-world/},
	language = {en},
	urldate = {2024-02-09},
	journal = {ZDNet},
	author = {Vaughan-Nichols, Steven},
	month = jan,
	year = {2019},
	note = {Souce: ZDNet},
}

@misc{vaughan-nichols_earth_2020,
	type = {Industry {Publication}},
	title = {From {Earth} to orbit with {Linux} and {SpaceX}},
	url = {https://www.zdnet.com/article/from-earth-to-orbit-with-linux-and-spacex/},
	abstract = {SpaceX's workhorse Falcon 9 rocket, which flew NASA astronauts Bob Behnken and Doug Hurley to the International Space Station, is powered by liquid oxygen, rocket-grade kerosene, and Linux.},
	language = {en},
	urldate = {2024-02-09},
	journal = {ZDNet},
	author = {Vaughan-Nichols, Steven},
	month = jun,
	year = {2020},
	note = {Source: ZDNet},
}

@misc{vaughan-nichols_linux_2023,
	type = {Industry {Publication}},
	title = {Linux has over 3\% of the desktop market? {It}'s more complicated than that},
	url = {https://www.zdnet.com/article/linux-has-over-3-of-the-desktop-market-its-more-complicated-than-that/},
	language = {en},
	urldate = {2024-02-09},
	journal = {ZDNet},
	author = {Vaughan-Nichols, Steven},
	month = jul,
	year = {2023},
	note = {Source: ZDNet},
}

@misc{vaughan-nichols_microsoft_2019,
	type = {Industry {Publication}},
	title = {Microsoft developer reveals {Linux} is now more used on {Azure} than {Windows} {Server}},
	url = {https://www.zdnet.com/article/microsoft-developer-reveals-linux-is-now-more-used-on-azure-than-windows-server/},
	abstract = {Linux rules all the clouds now, including Microsoft's own Azure.},
	language = {en},
	urldate = {2024-02-09},
	journal = {ZDNet},
	author = {Vaughan-Nichols, Steven},
	month = jun,
	year = {2019},
	note = {Source: ZDNet},
}

@misc{noauthor_user_nodate,
	type = {Industry {Publication}},
	title = {User statistics {\textbar} {Ubuntu}},
	url = {https://ubuntu.com/desktop/statistics},
	abstract = {This report is generated from basic, non-identifiable system data that was provided by users when installing Ubuntu 18.04 LTS.},
	language = {en},
	urldate = {2024-02-08},
	journal = {Ubuntu.com},
}

@misc{wolff_what_2019,
	type = {Industry {Publication}},
	title = {What {Heartbleed} taught the tech world.},
	url = {https://slate.com/technology/2019/10/heartbleed-lessons-open-source-code.html},
	language = {en},
	urldate = {2024-02-09},
	journal = {Slate.com},
	author = {Wolff, Josephine},
	month = oct,
	year = {2019},
}

@misc{noauthor_linux_nodate,
	type = {Industry {Publication}},
	title = {Linux {Statistics} 2024},
	url = {https://truelist.co/blog/linux-statistics/},
	abstract = {Read on to discover the most relevant Linux statistics and learn about its user demographics, market share and adoption, usage data, and more!},
	language = {en-US},
	urldate = {2024-02-08},
	journal = {TrueList},
}

@misc{noauthor_gnu_2016,
	title = {{GNU} {Bourne}-{Again} {Shell} ({Bash}) ‘{Shellshock}’ {Vulnerability} ({CVE}-2014-6271, {CVE}-2014-7169, {CVE}-2014-7186, {CVE}-2014-7187, {CVE}-2014-6277 and {CVE} 2014-6278) {\textbar} {CISA}},
	url = {https://www.cisa.gov/news-events/alerts/2014/09/25/gnu-bourne-again-shell-bash-shellshock-vulnerability-cve-2014-6271},
	language = {en},
	urldate = {2024-02-09},
	month = sep,
	year = {2016},
}

@misc{noauthor_heartbleed_nodate,
	title = {Heartbleed {Bug}},
	url = {https://heartbleed.com/},
	urldate = {2024-02-09},
}

@misc{noauthor_cve-2023-6246_2024,
	type = {{NIST} - {National} {Vulnerability} {Database}},
	title = {{CVE}-2023-6246},
	url = {https://nvd.nist.gov/vuln/detail/CVE-2023-6246},
	urldate = {2024-02-09},
	journal = {NVD - CVE-2023-6246},
	month = jan,
	year = {2024},
	note = {Source: RedHat, Inc.},
}

@misc{noauthor_cve-2014-0160_2014,
	type = {{NIST} - {National} {Vulnerability} {Database}},
	title = {{CVE}-2014-0160},
	url = {https://nvd.nist.gov/vuln/detail/cve-2014-0160},
	urldate = {2024-02-09},
	journal = {NVD - CVE-2014-0160},
	month = apr,
	year = {2014},
	note = {Source: RedHat, Inc},
}

@misc{noauthor_cve-2014-6271_2014,
	type = {{NIST} - {National} {Vulnerability} {Database}},
	title = {{CVE}-2014-6271},
	url = {https://nvd.nist.gov/vuln/detail/cve-2014-6271},
	urldate = {2024-02-09},
	journal = {NVD - CVE-2014-6271},
	month = sep,
	year = {2014},
}

@misc{noauthor_chaoss_nodate,
	title = {{CHAOSS}},
	url = {https://chaoss.community/about-chaoss/},
	language = {en-US},
	urldate = {2024-02-08},
	journal = {About CHAOSS},
}

@inproceedings{avelino_abandonment_2019,
	title = {On the abandonment and survival of open source projects: {An} empirical investigation},
	shorttitle = {On the abandonment and survival of open source projects},
	url = {https://ieeexplore.ieee.org/abstract/document/8870181?casa_token=0AKQ5KhprEwAAAAA:xIMrPNqwP2ZFa6rXRsrwvk2LFHupOwHUO10RvMY1NDgithmu-nhXkac9DKOTWXUo7mNJMxe0JI-7},
	doi = {10.1109/ESEM.2019.8870181},
	urldate = {2024-02-07},
	booktitle = {2019 {ACM}/{IEEE} {International} {Symposium} on {Empirical} {Software} {Engineering} and {Measurement} ({ESEM})},
	author = {Avelino, Guilherme and Constantinou, Eleni and Valente, Marco Tulio and Serebrenik, Alexander},
	month = sep,
	year = {2019},
	note = {ISSN: 1949-3789},
	keywords = {Bus factor, Core developers, Data mining, Direction-of-arrival estimation, History, Java, Libraries, Maintenance engineering, Open source development, Project abandonment, Software, Truck factor},
	pages = {1--12},
}

@inproceedings{linaker_how_2022,
	address = {New York, NY, USA},
	series = {{OpenSym} '22},
	title = {How to characterize the health of an {Open} {Source} {Software} project? {A} snowball literature review of an emerging practice},
	isbn = {978-1-4503-9845-9},
	shorttitle = {How to characterize the health of an {Open} {Source} {Software} project?},
	url = {https://dl.acm.org/doi/10.1145/3555051.3555067},
	doi = {10.1145/3555051.3555067},
	urldate = {2024-02-07},
	booktitle = {Proceedings of the 18th {International} {Symposium} on {Open} {Collaboration}},
	publisher = {Association for Computing Machinery},
	author = {Linåker, Johan and Papatheocharous, Efi and Olsson, Thomas},
	month = sep,
	year = {2022},
	keywords = {Health, Open Source Software, Software Ecosystem, Software Quality., Sustainability},
	pages = {1--12},
}

@article{li_ossara_2022,
	title = {{OSSARA}: {Abandonment} {Risk} {Assessment} for {Embedded} {Open} {Source} {Components}},
	volume = {39},
	issn = {1937-4194},
	shorttitle = {{OSSARA}},
	url = {https://ieeexplore.ieee.org/document/9743934},
	doi = {10.1109/MS.2022.3163011},
	abstract = {Systems with unmaintained embedded open source software (OSS) components are vulnerable to severe risks. This article introduces the OSS Abandonment Risk Assessment model to help companies avoid potentially dire consequences.},
	number = {4},
	urldate = {2024-02-07},
	journal = {IEEE Software},
	author = {Li, Xiaozhou and Moreschini, Sergio and Pecorelli, Fabiano and Taibi, Davide},
	month = jul,
	year = {2022},
	note = {Conference Name: IEEE Software},
	keywords = {Codes, Licenses, Predictive models, Software development management, Sustainable development, Systems analysis and design, Systems engineering and theory},
	pages = {48--53},
}

@inproceedings{goggins_open_2021,
	title = {Open {Source} {Community} {Health}: {Analytical} {Metrics} and {Their} {Corresponding} {Narratives}},
	shorttitle = {Open {Source} {Community} {Health}},
	url = {https://ieeexplore.ieee.org/document/9474775},
	doi = {10.1109/SoHeal52568.2021.00010},
	urldate = {2024-02-07},
	booktitle = {2021 {IEEE}/{ACM} 4th {International} {Workshop} on {Software} {Health} in {Projects}, {Ecosystems} and {Communities} ({SoHeal})},
	author = {Goggins, Sean and Lumbard, Kevin and Germonprez, Matt},
	month = may,
	year = {2021},
	keywords = {Ecosystems, Linux, Measurement, Organizations, Standards organizations, Tools, Trajectory},
	pages = {25--33},
}

@misc{guizani_rules_2023,
	title = {Rules of {Engagement}: {Why} and {How} {Companies} {Participate} in {OSS}},
	shorttitle = {Rules of {Engagement}},
	url = {http://arxiv.org/abs/2303.08266},
	language = {en},
	urldate = {2024-02-02},
	publisher = {arXiv},
	author = {Guizani, Mariam and Castro-Guzman, Aileen Abril and Sarma, Anita and Steinmacher, Igor},
	month = mar,
	year = {2023},
	note = {arXiv:2303.08266 [cs]},
	keywords = {Computer Science - Computers and Society},
}

@inproceedings{decan2018evolution,
  title={On the evolution of technical lag in the npm package dependency network},
  author={Decan, Alexandre and Mens, Tom and Constantinou, Eleni},
  booktitle={2018 IEEE International Conference on Software Maintenance and Evolution (ICSME)},
  pages={404--414},
  year={2018},
  organization={IEEE}
}

@article{decan2019package,
  title={What do package dependencies tell us about semantic versioning?},
  author={Decan, Alexandre and Mens, Tom},
  journal={IEEE Transactions on Software Engineering},
  volume={47},
  number={6},
  pages={1226--1240},
  year={2019},
  publisher={IEEE}
}

@inproceedings{gonzalez2017technical,
  title={Technical lag in software compilations: Measuring how outdated a software deployment is},
  author={Gonzalez-Barahona, Jesus M and Sherwood, Paul and Robles, Gregorio and Izquierdo, Daniel},
  booktitle={Open Source Systems: Towards Robust Practices: 13th IFIP WG 2.13 International Conference, OSS 2017, Buenos Aires, Argentina, May 22-23, 2017, Proceedings 13},
  pages={182--192},
  year={2017},
  organization={Springer International Publishing}
}





